<?xml version="1.0" encoding="UTF-8"?><collection xmlns="http://www.loc.gov/MARC21/slim"><record><leader>00388nam--2200133-i-4500</leader><controlfield tag="001">000040613</controlfield><controlfield tag="002">20161230</controlfield><controlfield tag="005">20161230201042</controlfield><controlfield tag="008">060222s1000------------r-----000-0-eng-d</controlfield><datafield ind1=" " ind2=" " tag="080"><subfield code="a">541.64:539.3</subfield></datafield><datafield ind1=" " ind2=" " tag="100"><subfield code="a">Schnabel,W</subfield></datafield><datafield ind1=" " ind2=" " tag="245"><subfield code="a">Polymer degradation. principles and practical applications. mit 78 abbildungen und 43 tabellen</subfield></datafield><datafield ind1=" " ind2=" " tag="260"><subfield code="a">Berlin, Akad.-verlag, 1981. 227 P</subfield></datafield><datafield ind1=" " ind2=" " tag="852"><subfield code="a">71484</subfield></datafield></record></collection>